@online{latexproject,
    author = "Frank Mittelbach",
    title = "The Latex Project",
    url  = "https://www.latex-project.org",
    addendum = "(accessed:30.01.2023)",
    keywords = "latex,project"
}